@article{light2017mosquitto,
  title={Mosquitto: server and client implementation of the MQTT protocol},
  author={Light, Roger A},
  journal={Journal of Open Source Software},
  volume={2},
  number={13},
  pages={265},
  year={2017}
}

@INPROCEEDINGS{8893617,
  author={Cornel - Cristian, Andrei and Gabriel, Tudor and Arhip-Calin, Madalina and Zamfirescu, Alexandru},
  booktitle={2019 54th International Universities Power Engineering Conference (UPEC)}, 
  title={Smart home automation with MQTT}, 
  year={2019},
  volume={},
  number={},
  pages={1-5},
  keywords={Protocols;Temperature measurement;Smart homes;Relays;Automation;Smart grids;Servers;IoT;MQTT;smart grid;smart home},
  doi={10.1109/UPEC.2019.8893617}}

@misc{mqtt-servers-brokers,
    author={MQTT.org},
    title={MQTT Software},
    url={https://mqtt.org/software/#servers-brokers},
    notes={accessed at: 2025.06.03}
}

@misc{mosquitto,
    author={mosquitto.org},
    title={Eclipse Mosquittoâ„¢An open source MQTT broker},
    url={https://mosquitto.org/},
    notes={accessed at: 2025.06.03}
}

@INPROCEEDINGS{8755050,
  author={Profanter, Stefan and Tekat, Ayhun and Dorofeev, Kirill and Rickert, Markus and Knoll, Alois},
  booktitle={2019 IEEE International Conference on Industrial Technology (ICIT)}, 
  title={OPC UA versus ROS, DDS, and MQTT: Performance Evaluation of Industry 4.0 Protocols}, 
  year={2019},
  volume={},
  number={},
  pages={955-962},
  keywords={Protocols;Middleware;Performance evaluation;Industries;Quality of service;Licenses},
  doi={10.1109/ICIT.2019.8755050}}
